@article{wang2012nonlinear,
  title={Nonlinear theoretical formulation of elastic stability criterion of crystal solids},
  author={Wang, Hao and Li, Mo},
  journal={Physical Review B},
  volume={85},
  number={10},
  pages={104103},
  year={2012},
  publisher={APS}
}

@article{pugh1954xcii,
  title={XCII. Relations between the elastic moduli and the plastic properties of polycrystalline pure metals},
  author={Pugh, SF},
  journal={The London, Edinburgh, and Dublin Philosophical Magazine and Journal of Science},
  volume={45},
  number={367},
  pages={823--843},
  year={1954},
  publisher={Taylor \& Francis}
}

@article{wang2009elastic,
  title={The elastic stability, bifurcation and ideal strength of gold under hydrostatic stress: an ab initio calculation},
  author={Wang, Hao and Li, Mo},
  journal={Journal of Physics: Condensed Matter},
  volume={21},
  number={45},
  pages={455401},
  year={2009},
  publisher={IOP Publishing}
}

@article{wang2013estimate,
  title={Estimate of the maximum strength of metallic glasses from finite deformation theory},
  author={Wang, Hao and Li, Mo},
  journal={Physical review letters},
  volume={111},
  number={6},
  pages={065507},
  year={2013},
  publisher={APS}
}

@article{fumi1951third,
  title={Third-order elastic coefficients of crystals},
  author={Fumi, Fausto G},
  journal={Physical Review},
  volume={83},
  number={6},
  pages={1274},
  year={1951},
  publisher={APS}
}

@article{fumi1952third,
  title={Third-order elastic coefficients in trigonal and hexagonal crystals},
  author={Fumi, Fausto G},
  journal={Physical Review},
  volume={86},
  number={4},
  pages={561},
  year={1952},
  publisher={APS}
}

@article{PhysRevLett.91.135501,
  title = {Phonon Instabilities and the Ideal Strength of Aluminum},
  author = {Clatterbuck, D. M. and Krenn, C. R. and Cohen, Marvin L. and Morris, J. W.},
  journal = {Phys. Rev. Lett.},
  volume = {91},
  issue = {13},
  pages = {135501},
  numpages = {4},
  year = {2003},
  month = {Sep},
  publisher = {American Physical Society},
  doi = {10.1103/PhysRevLett.91.135501},
}

@article{lopuszynski2007ab,
  title={Ab initio calculations of third-order elastic constants and related properties for selected semiconductors},
  author={{\L}opuszy{\'n}ski, Micha{\l} and Majewski, Jacek A},
  journal={Physical Review B},
  volume={76},
  number={4},
  pages={045202},
  year={2007},
  publisher={APS}
}

@article{rose1968higher,
  title={Higher order elastic constants in HCP crystals},
  author={Rose, MF and Ramsey, RT},
  journal={physica status solidi (b)},
  volume={25},
  number={1},
  pages={103--108},
  year={1968},
  publisher={Wiley Online Library}
}

@article{hearmon1953third,
  title={Third-order'elastic coefficients},
  author={Hearmon, RFS},
  journal={Acta Crystallographica},
  volume={6},
  number={4},
  pages={331--340},
  year={1953},
  publisher={International Union of Crystallography}
}

@article{wang2009ab,
  title={Ab initio calculations of second-, third-, and fourth-order elastic constants for single crystals},
  author={Wang, Hao and Li, Mo},
  journal={Physical Review B},
  volume={79},
  number={22},
  pages={224102},
  year={2009},
  publisher={APS}
}

@article{PhysRevB.58.6006,
  title = {Theoretical study of the response of 12 cubic metals to uniaxial loading},
  author = {Milstein, Frederick and Chantasiriwan, Somchart},
  journal = {Phys. Rev. B},
  volume = {58},
  issue = {10},
  pages = {6006--6018},
  numpages = {0},
  year = {1998},
  month = {Sep},
  publisher = {American Physical Society},
  doi = {10.1103/PhysRevB.58.6006},
  url = {http://link.aps.org/doi/10.1103/PhysRevB.58.6006}
}

@inproceedings{fu2012first,
  title={First-Principles Study on the Ideal Strengths of Typical Hcp Metals},
  author={Fu, Lin and Zhang, Quan and Tang, Bi Yu},
  booktitle={Advanced Materials Research},
  volume={476},
  pages={2523--2529},
  year={2012},
  organization={Trans Tech Publ}
}

@article{yoo1981slip,
  title={Slip, twinning, and fracture in hexagonal close-packed metals},
  author={Yoo, MH},
  journal={Metallurgical Transactions A},
  volume={12},
  number={3},
  pages={409--418},
  year={1981},
  publisher={Springer}
}

@article{PhysRevLett.112.115503,
  title = {Tuning Ideal Tensile Strengths and Intrinsic Ductility of bcc Refractory Alloys},
  author = {Qi, Liang and Chrzan, D.C.},
  journal = {Phys. Rev. Lett.},
  volume = {112},
  issue = {11},
  pages = {115503},
  numpages = {5},
  year = {2014},
  month = {Mar},
  publisher = {American Physical Society},
  doi = {10.1103/PhysRevLett.112.115503},
}

@article{PhysRevLett.82.2713,
  title = {Ideal Shear Strengths of fcc Aluminum and Copper},
  author = {Roundy, D. and Krenn, C. R. and Cohen, Marvin L. and Morris, J. W.},
  journal = {Phys. Rev. Lett.},
  volume = {82},
  issue = {13},
  pages = {2713--2716},
  numpages = {0},
  year = {1999},
  month = {Mar},
  publisher = {American Physical Society},
  doi = {10.1103/PhysRevLett.82.2713},
  url = {http://link.aps.org/doi/10.1103/PhysRevLett.82.2713}
}

@article{kelly1986strong,
  title={Strong Solids},
  author={Kelly, Anthony and Macmillan, Norman Hillas},
  journal={Oxford University Press, Walton Street, Oxford OX 2 6 DP, UK, 1986.},
  year={1986}
}

@article{vsob1997theoretical,
  title={Theoretical tensile stress in tungsten single crystals by full-potential first-principles calculations},
  author={{\v{S}}ob, M and Wang, LG and Vitek, V},
  journal={Materials Science and Engineering: A},
  volume={234},
  pages={1075--1078},
  year={1997},
  publisher={Elsevier}
}

@article{PhysRevB.87.214203,
  title = {Ideal strength of random alloys from first principles},
  author = {Li, Xiaoqing and Sch\"onecker, Stephan and Zhao, Jijun and Johansson, B\"orje and Vitos, Levente},
  journal = {Phys. Rev. B},
  volume = {87},
  issue = {21},
  pages = {214203},
  numpages = {12},
  year = {2013},
  month = {Jun},
  publisher = {American Physical Society},
  doi = {10.1103/PhysRevB.87.214203},
  url = {http://link.aps.org/doi/10.1103/PhysRevB.87.214203}
}


@article{roundy2001ideal,
  title={Ideal strength of diamond, Si, and Ge},
  author={Roundy, David and Cohen, Marvin L},
  journal={Physical Review B},
  volume={64},
  number={21},
  pages={212103},
  year={2001},
  publisher={APS}
}

@article{li2007ideal,
  title={“Ideal” engineering alloys},
  author={Li, Tianshu and Morris Jr, JW and Nagasako, N and Kuramoto, S and Chrzan, DC},
  journal={Physical review letters},
  volume={98},
  number={10},
  pages={105503},
  year={2007},
  publisher={APS}
}

@incollection{macmillan1983ideal,
  title={The ideal strength of solids},
  author={Macmillan, NH},
  booktitle={Atomistics of fracture},
  pages={95--165},
  year={1983},
  publisher={Springer}
}

@article{clatterbuck2003ideal,
  title={The ideal strength of iron in tension and shear},
  author={Clatterbuck, DM and Chrzan, DC and Morris, JW},
  journal={Acta Materialia},
  volume={51},
  number={8},
  pages={2271--2283},
  year={2003},
  publisher={Elsevier}
}

@article{rao1969third,
  title={The Third Order Elastic Constants and the Pressure Derivatives of the Second Order Elastic Constants of Magnesium},
  author={Rao, R Ramji and Srinivasan, R},
  journal={physica status solidi (b)},
  volume={31},
  number={1},
  pages={K39--K42},
  year={1969},
  publisher={Wiley Online Library}
}

@article{rao1974anderson,
  title={Anderson-Gr{\"u}neisen parameter $\delta$ of some hexagonal metals and MgO from third-order elastic-constant data},
  author={Rao, R Ramji},
  journal={Physical Review B},
  volume={10},
  number={10},
  pages={4173},
  year={1974},
  publisher={APS}
}

@article{PhysRevLett.77.3865,
  title = {Generalized Gradient Approximation Made Simple},
  author = {Perdew, John P. and Burke, Kieron and Ernzerhof, Matthias},
  journal = {Phys. Rev. Lett.},
  volume = {77},
  issue = {18},
  pages = {3865--3868},
  numpages = {0},
  year = {1996},
  month = {Oct},
  publisher = {American Physical Society},
  doi = {10.1103/PhysRevLett.77.3865}
}

@article{PhysRevB.54.11169,
  title = {Efficient iterative schemes for ab initio total-energy calculations using a plane-wave basis set},
  author = {Kresse, G. and Furthm\"uller, J.},
  journal = {Phys. Rev. B},
  volume = {54},
  issue = {16},
  pages = {11169--11186},
  numpages = {0},
  year = {1996},
  month = {Oct},
  publisher = {American Physical Society},
  doi = {10.1103/PhysRevB.54.11169},
}

@article{PhysRevB.47.558,
  title = {Ab initio molecular dynamics for liquid metals},
  author = {Kresse, G. and Hafner, J.},
  journal = {Phys. Rev. B},
  volume = {47},
  issue = {1},
  pages = {558--561},
  numpages = {0},
  year = {1993},
  month = {Jan},
  publisher = {American Physical Society},
  doi = {10.1103/PhysRevB.47.558}
}

@article{PhysRevB.50.17953,
  title = {Projector augmented-wave method},
  author = {Bl\"ochl, P. E.},
  journal = {Phys. Rev. B},
  volume = {50},
  issue = {24},
  pages = {17953--17979},
  numpages = {0},
  year = {1994},
  month = {Dec},
  publisher = {American Physical Society},
  doi = {10.1103/PhysRevB.50.17953},
}

@article{PhysRevB.59.1758,
  title = {From ultrasoft pseudopotentials to the projector augmented-wave method},
  author = {Kresse, G. and Joubert, D.},
  journal = {Phys. Rev. B},
  volume = {59},
  issue = {3},
  pages = {1758--1775},
  numpages = {0},
  year = {1999},
  month = {Jan},
  publisher = {American Physical Society},
  doi = {10.1103/PhysRevB.59.1758},
}

@article{PhysRevB.40.3616,
  title = {High-precision sampling for Brillouin-zone integration in metals},
  author = {Methfessel, M. and Paxton, A. T.},
  journal = {Phys. Rev. B},
  volume = {40},
  issue = {6},
  pages = {3616--3621},
  numpages = {0},
  year = {1989},
  month = {Aug},
  publisher = {American Physical Society},
  doi = {10.1103/PhysRevB.40.3616},
}

@article{PhysRevB.13.5188,
  title = {Special points for Brillouin-zone integrations},
  author = {Monkhorst, Hendrik J. and Pack, James D.},
  journal = {Phys. Rev. B},
  volume = {13},
  issue = {12},
  pages = {5188--5192},
  numpages = {0},
  year = {1976},
  month = {Jun},
  publisher = {American Physical Society},
  doi = {10.1103/PhysRevB.13.5188},
}

@article{giannozzi2009quantum,
  title={QUANTUM ESPRESSO: a modular and open-source software project for quantum simulations of materials},
  author={Giannozzi, Paolo and Baroni, Stefano and Bonini, Nicola and Calandra, Matteo and Car, Roberto and Cavazzoni, Carlo and Ceresoli, Davide and Chiarotti, Guido L and Cococcioni, Matteo and Dabo, Ismaila and others},
  journal={Journal of Physics: Condensed Matter},
  volume={21},
  number={39},
  pages={395502},
  year={2009},
  publisher={IOP Publishing}
}

@article{romaner2010effect,
  title={Effect of rhenium on the dislocation core structure in tungsten},
  author={Romaner, Lorenz and Ambrosch-Draxl, Claudia and Pippan, Reinhard},
  journal={Phys. Rev. Lett.},
  volume={104},
  number={19},
  pages={195503},
  year={2010},
  publisher={APS}
}

@article{troullier1991efficient,
  title={Efficient pseudopotentials for plane-wave calculations},
  author={Troullier, Norman and Martins, Jos{\'e} Luriaas},
  journal={Physical Review B},
  volume={43},
  number={3},
  pages={1993},
  year={1991},
  publisher={APS}
}

@article{fuchs1999ab,
  title={Ab initio pseudopotentials for electronic structure calculations of poly-atomic systems using density-functional theory},
  author={Fuchs, Martin and Scheffler, Matthias},
  journal={Computer Physics Communications},
  volume={119},
  number={1},
  pages={67--98},
  year={1999},
  publisher={Elsevier}
}

@article{ray1988elastic,
  title={Elastic constants and statistical ensembles in molecular dynamics},
  author={Ray, John R},
  journal={Computer physics reports},
  volume={8},
  number={3},
  pages={109--151},
  year={1988},
  publisher={Elsevier}
}

@book{wallace1998thermodynamics,
  title={Thermodynamics of crystals},
  author={Wallace, Duane C},
  year={1998},
  publisher={Courier Corporation}
}

@article{wang1993crystal,
  title={Crystal instabilities at finite strain},
  author={Wang, Jinghan and Yip, Sidney and Phillpot, SR and Wolf, Dieter},
  journal={Physical Review Letters},
  volume={71},
  number={25},
  pages={4182},
  year={1993},
  publisher={APS}
}







